<record><leader>00000cas a22000007a 4500</leader><controlfield tag="001">17159857</controlfield><controlfield tag="008">871202u1968uuuutxuwr ne      0    0eng d</controlfield><datafield ind1=" " ind2=" " tag="010"><subfield code="a">sn 87091232 </subfield></datafield><datafield ind1=" " ind2=" " tag="040"><subfield code="a">PPM</subfield><subfield code="b">eng</subfield><subfield code="c">PPM</subfield><subfield code="d">OCLCQ</subfield></datafield><datafield ind1=" " ind2=" " tag="042"><subfield code="a">msc</subfield></datafield><datafield ind1="0" ind2="4" tag="245"><subfield code="a">The Rule review and the Rochester reporter.</subfield></datafield><datafield ind1=" " ind2=" " tag="260"><subfield code="a">Rochester, Tex. :</subfield><subfield code="b">[s.n.]</subfield></datafield><datafield ind1=" " ind2=" " tag="310"><subfield code="a">Weekly</subfield></datafield><datafield ind1="0" ind2=" " tag="362"><subfield code="a">Vol. 47, no. 26 (Oct. 3, 1968)-</subfield></datafield><datafield ind1=" " ind2=" " tag="580"><subfield code="a">Formed by the union of: Rule review, and: Rochester reporter.</subfield></datafield><datafield ind1=" " ind2=" " tag="752"><subfield code="a">United States</subfield><subfield code="b">Texas</subfield><subfield code="c">Haskell</subfield><subfield code="d">Rochester.</subfield></datafield><datafield ind1="0" ind2="4" tag="780"><subfield code="t">Rule review</subfield><subfield code="w">(DLC)sn 86088013</subfield></datafield><datafield ind1="0" ind2="4" tag="780"><subfield code="t">Rochester reporter</subfield><subfield code="w">(DLC)sn 89091203</subfield></datafield><datafield ind1="1" ind2=" " tag="029"><subfield code="a">AU@</subfield><subfield code="b">000025836527</subfield></datafield></record>